@article {bidmon2008,
journal = {Computer Graphics Forum},
title = {{Visual Abstractions of Solvent Pathlines near Protein Cavities}},
author = {Bidmon, Katrin and Grottel, Sebastian and Bös, Fabian and Pleiss, Jürgen and Ertl, Thomas},
year = {2008},
publisher = {The Eurographics Association and Blackwell Publishing Ltd.},
ISSN = {1467-8659},
DOI = {10.1111/j.1467-8659.2008.01227.x}
}

@article{lampe2011,
  author = {Ove Daae Lampe and Helwig Hauser},
  title = {Curve Density Estimates},
  year = {2011},
  journal = {Computer Graphics Forum},
  volume = {30},
  number = {3},
  pages = {633--642},
  url = {http://dx.doi.org/10.1111/j.1467-8659.2011.01912.x},
  event = {EuroVis 2011},
  location = {Bergen, Norway},  
}

@article {turkay2011,
journal = {Computer Graphics Forum},
title = {{Interactive Visual Analysis of Temporal Cluster Structures}},
author = {Turkay, Cagatay and Parulek, J. and Reuter, N. and Hauser, Helwig},
year = {2011},
publisher = {The Eurographics Association and Blackwell Publishing Ltd.},
ISSN = {1467-8659},
DOI = {10.1111/j.1467-8659.2011.01920.x}
}